<?xml version="1.0" encoding="UTF-8"?><collection xmlns="http://www.loc.gov/MARC21/slim"><record><leader>00509nam--2200193-i-4500</leader><controlfield tag="001">000022609</controlfield><controlfield tag="002">20161230</controlfield><controlfield tag="005">20161230201034</controlfield><controlfield tag="008">060222s1000------------r-----000-0-fre-d</controlfield><datafield ind1=" " ind2=" " tag="040"><subfield code="a">IFIN-HH</subfield></datafield><datafield ind1=" " ind2=" " tag="041"><subfield code="a">fre</subfield></datafield><datafield ind1=" " ind2=" " tag="080"><subfield code="a">539.12</subfield></datafield><datafield ind1="1" ind2=" " tag="100"><subfield code="a">Itzykson, C</subfield></datafield><datafield ind1="1" ind2="0" tag="245"><subfield code="a">Non leptonic hyperon decays</subfield><subfield code="c">C. itzykson, m. jacob</subfield></datafield><datafield ind1=" " ind2=" " tag="260"><subfield code="a">Saclay</subfield><subfield code="b">Centre D`Etudes Nucleaires De Saclay</subfield><subfield code="c">1966</subfield></datafield><datafield ind1=" " ind2=" " tag="300"><subfield code="a">4 P.+ 1 FIG.+ 11 TABL</subfield></datafield><datafield ind1="1" ind2=" " tag="700"><subfield code="a">Jacob, M</subfield></datafield><datafield ind1=" " ind2=" " tag="852"><subfield code="a">24939</subfield><subfield code="c">539.12</subfield></datafield><datafield ind1=" " ind2=" " tag="CAT"><subfield code="a">Sys</subfield><subfield code="c">20111108</subfield><subfield code="h">164029</subfield></datafield></record></collection>